@book{cormen2009,
  author    = {Cormen, T. H. and Leiserson, C. E. and Rivest, R. L. and Stein, C.},
  title     = {Introduction to Algorithms},
  publisher = {MIT Press},
  year      = {2009},
  address   = {Cambridge, MA}
}

@book{garey1979,
  author    = {Garey, M. R. and Johnson, D. S.},
  title     = {Computers and Intractability: A Guide to the Theory of NP-Completeness},
  publisher = {W.H. Freeman},
  year      = {1979},
  address   = {San Francisco}
}

@book{kellerer2004,
  author    = {Kellerer, H. and Pferschy, U. and Pisinger, D.},
  title     = {Knapsack Problems},
  publisher = {Springer},
  year      = {2004},
  address   = {Berlin}
}

@book{martello1990,
  author    = {Martello, S. and Toth, P.},
  title     = {Knapsack Problems: Algorithms and Computer Implementations},
  publisher = {Wiley-Interscience},
  year      = {1990},
  address   = {Chichester}
}

@article{pisinger2005,
  author  = {Pisinger, D.},
  title   = {Where are the hard knapsack problems?},
  journal = {Computers \& Operations Research},
  volume  = {32},
  number  = {10},
  year    = {2005},
  pages   = {2271--2284}
}

@incollection{karp1972,
  author    = {Karp, R. M.},
  title     = {Reducibility among combinatorial problems},
  booktitle = {Complexity of Computer Computations},
  editor    = {Miller, R. E. and Thatcher, J. W.},
  publisher = {Plenum Press},
  year      = {1972},
  address   = {New York},
  pages     = {85--103}
}

@article{horowitz1974,
  author  = {Horowitz, E. and Sahni, S.},
  title   = {Computing partitions with applications to the knapsack problem},
  journal = {Journal of the ACM},
  volume  = {21},
  number  = {2},
  year    = {1974},
  pages   = {277--292}
}

@article{ibarra1975,
  author  = {Ibarra, O. H. and Kim, C. E.},
  title   = {Fast approximation algorithms for the knapsack and subset-sum problems},
  journal = {Journal of the ACM},
  volume  = {22},
  number  = {4},
  year    = {1975},
  pages   = {463--468}
}

@misc{jin2019,
  author          = {Jin, C.},
  title           = {An Improved FPTAS for 0-1 Knapsack},
  year            = {2019},
  archivePrefix   = {arXiv},
  eprint          = {1904.09562},
  note            = {Disponível em: \url{https://arxiv.org/abs/1904.09562}}
}

@book{nemhauser1988,
  author    = {Nemhauser, G. L. and Wolsey, L. A.},
  title     = {Integer and Combinatorial Optimization},
  publisher = {Wiley-Interscience},
  year      = {1988},
  address   = {New York}
}

@inproceedings{alibaba2020,
  author    = {Xingwen Zhang and Feng Qi and Zhigang Hua and Shuang Yang},
  title     = {Solving Billion-Scale Knapsack Problems},
  booktitle = {Proceedings of The Web Conference 2020 (WWW)},
  year      = {2020},
  pages     = {1--8},
  publisher = {ACM},
  doi       = {10.1145/3366423.3380084},
  note      = {Solver distribuído via MPI/Hadoop/Spark usado em produção diária na Ant Financial para instâncias com 1 bilhão de variáveis e restrições},
}

@article{amazon2020,
  author = {Karthik S.~Gurumoorthy and Subhajit Sanyal and Vineet Chaoji},
  title  = {Think out of the package: Recommending package types for e-commerce shipments},
  journal = {arXiv},
  year   = {2020},
  note   = {Aplicado pela Amazon para reduzir em 24% a taxa de danos, economizar em custos de envio, através da seleção inteligente de embalagens para mais de 130.000 produtos},
}

@misc{geeksForGeeks-knapsack,
  author       = {GeeksforGeeks},
  title        = {0-1 Knapsack Problem - Dynamic Programming},
  howpublished = {\url{https://www.geeksforgeeks.org/0-1-knapsack-problem-dp-10/}},
  year         = {2025},
  note         = {Acesso em: 12 jun. 2025},
}